<?xml version="1.0" encoding="utf-8"?>
<record xmlns="http://www.loc.gov/MARC21/slim" xmlns:xsi="http://www.w3.org/2001/XMLSchema-instance" xsi:schemaLocation="http://www.loc.gov/MARC21/slim http://www.loc.gov/standards/marcxml/schema/MARC21slim.xsd">
	<leader>     nam a22        4500</leader>
	<controlfield tag="001">002813524</controlfield>
	<controlfield tag="003">NNU</controlfield>
	<controlfield tag="006">m        d        </controlfield>
	<controlfield tag="007">cr cn |||m|||a</controlfield>
	<controlfield tag="008">150714m19681971ir h    ob    000 0 arard</controlfield>
	<datafield ind1=" " ind2=" " tag="040">
		<subfield code="a">NNU</subfield>
		<subfield code="b">eng</subfield>
		<subfield code="e">rda</subfield>
		<subfield code="c">NNU</subfield>
	</datafield>
	<datafield ind1="0" ind2="4" tag="082">
		<subfield code="a">297.1248</subfield>
		<subfield code="2">20</subfield>
	</datafield>
	<datafield ind1=" " ind2=" " tag="090">
		<subfield code="a">BP193.25</subfield>
		<subfield code="b">.K84 1968</subfield>
	</datafield>
	<datafield ind1="1" ind2=" " tag="100">
		<subfield code="6">880-01</subfield>
		<subfield code="a">Kulaynī, Muḥammad ibn Yaʻqūb,</subfield>
		<subfield code="d">-941?</subfield>
	</datafield>
	<datafield ind1="1" ind2="0" tag="240">
		<subfield code="6">880-02</subfield>
		<subfield code="a">Kāfī</subfield>
	</datafield>
	<datafield ind1="1" ind2="3" tag="245">
		<subfield code="6">880-03</subfield>
		<subfield code="a">al-Uṣūl min al-Kāfī /</subfield>
		<subfield code="c">taʼlīf Abī Jaʻfar Muḥammad ibn Yaʻqūb ibn Isḥāq al-Kulaynī al-Rāzī ; maʻa taʻlīqāt nāfiʻah maʼkhūdhah min ʻiddat shurūḥ, ṣaḥḥaḥah wa-ʻallaqa ʻalayh ʻAlī Akbar al-Ghaffārī ; nahaḍa bi-mashrūʻih Muḥammad al-Ākhūndī.</subfield>
	</datafield>
	<datafield ind1="1" ind2=" " tag="246">
		<subfield code="6">880-04</subfield>
		<subfield code="i">Vols. 3-7 have title:</subfield>
		<subfield code="a">Furūʻ min al-Kāfī</subfield>
	</datafield>
	<datafield ind1="1" ind2=" " tag="246">
		<subfield code="6">880-05</subfield>
		<subfield code="i">Vol. 8 has title:</subfield>
		<subfield code="a">Rawḍah min al-Kāfī</subfield>
	</datafield>
	<datafield ind1="3" ind2=" " tag="246">
		<subfield code="a">Kāfī</subfield>
	</datafield>
	<datafield ind1=" " ind2=" " tag="250">
		<subfield code="6">880-06</subfield>
		<subfield code="a">al-Ṭabʻah 3.</subfield>
	</datafield>
	<datafield ind1=" " ind2=" " tag="260">
		<subfield code="6">880-07</subfield>
		<subfield code="a">Tihrān :</subfield>
		<subfield code="b">Dār al-Kutub al-Islāmīyah,</subfield>
		<subfield code="c">1388-1391 [1968-1971]</subfield>
	</datafield>
	<datafield ind1=" " ind2=" " tag="300">
		<subfield code="a">online resource (8 volumes) :</subfield>
		<subfield code="b">facsimiles</subfield>
	</datafield>
	<datafield ind1=" " ind2=" " tag="336">
		<subfield code="a">text</subfield>
		<subfield code="2">rdacontent</subfield>
	</datafield>
	<datafield ind1=" " ind2=" " tag="337">
		<subfield code="a">computer</subfield>
		<subfield code="2">rdamedia</subfield>
	</datafield>
	<datafield ind1=" " ind2=" " tag="338">
		<subfield code="a">online resource</subfield>
		<subfield code="2">rdacarrier</subfield>
	</datafield>
	<datafield ind1=" " ind2=" " tag="500">
		<subfield code="a">Vols. 3-7 entitled: Furūʻ min al-Kāfī; v. 8 has title: Rawḍah min al-Kāfī.</subfield>
	</datafield>
	<datafield ind1=" " ind2=" " tag="500">
		<subfield code="a">Part of the Arabic Collections Online (ACO) project, contributed by New York Univeristy Libraries.</subfield>
	</datafield>
	<datafield ind1=" " ind2=" " tag="504">
		<subfield code="a">Includes bibliographical references.</subfield>
	</datafield>
	<datafield ind1="0" ind2="0" tag="505">
		<subfield code="6">880-08</subfield>
		<subfield code="a">Vols. 3-7 entitled: Furūʻ min al-Kāfī; v. 8 has title: Rawḍah min al-Kāfī.</subfield>
	</datafield>
	<datafield ind1=" " ind2=" " tag="533">
		<subfield code="a">Electronic reproduction.</subfield>
		<subfield code="b">New York, N.Y. :</subfield>
		<subfield code="c">New York University,</subfield>
		<subfield code="d">2015.</subfield>
		<subfield code="5">NNU</subfield>
	</datafield>
	<datafield ind1=" " ind2="0" tag="650">
		<subfield code="a">Hadith (Shiites)</subfield>
	</datafield>
	<datafield ind1=" " ind2="7" tag="650">
		<subfield code="a">Hadith (Shiites)</subfield>
		<subfield code="2">fast</subfield>
		<subfield code="0">(OCoLC)fst00950138</subfield>
	</datafield>
	<datafield ind1="1" ind2=" " tag="700">
		<subfield code="6">880-09</subfield>
		<subfield code="a">Ghaffārī, ʻAlī Akbar</subfield>
	</datafield>
	<datafield ind1="1" ind2=" " tag="700">
		<subfield code="6">880-10</subfield>
		<subfield code="a">Ākhūndī, Muḥammad.</subfield>
	</datafield>
	<datafield ind1="2" ind2=" " tag="710">
		<subfield code="a">New York University.</subfield>
		<subfield code="b">Libraries.</subfield>
	</datafield>
	<datafield ind1="0" ind2=" " tag="730">
		<subfield code="a">Arabic Collections Online.</subfield>
	</datafield>
	<datafield ind1="0" ind2="8" tag="776">
		<subfield code="i">Print version:</subfield>
		<subfield code="a">Kulaynī, Muḥammad ibn Yaʻqūb, -941?</subfield>
		<subfield code="t">al-Uṣūl min al-Kāfī</subfield>
		<subfield code="w">(NNU)002813524</subfield>
		<subfield code="w">(DLC)   74204825</subfield>
	</datafield>
	<datafield ind1="4" ind2="0" tag="856">
		<subfield code="u">http://hdl.handle.net/2333.1/kkwh73br</subfield>
	</datafield>
	<datafield ind1="1" ind2=" " tag="880">
		<subfield code="6">100-01/</subfield>
		<subfield code="a">‏كليني، محمد بن يعقوب،‏,</subfield>
		<subfield code="d">-941?</subfield>
	</datafield>
	<datafield ind1="1" ind2="0" tag="880">
		<subfield code="6">240-02/</subfield>
		<subfield code="a">كافي</subfield>
	</datafield>
	<datafield ind1="1" ind2="2" tag="880">
		<subfield code="6">245-03/</subfield>
		<subfield code="a">‏الأصول من الكافي /‏</subfield>
		<subfield code="c">‏تأليف أبي جعفر محمد بن يعقوب بن إسحاق الكليني الرازي ؛ صححه وعلق عليه علي أكبر الغفاري ؛ نهض بمشروعه محمد الأخوندي.</subfield>
	</datafield>
	<datafield ind1="1" ind2=" " tag="880">
		<subfield code="6">246-04/</subfield>
		<subfield code="i">‏عنوان الأجزاء 3-7:‏</subfield>
		<subfield code="a">‏فروع من الكافي</subfield>
	</datafield>
	<datafield ind1="1" ind2=" " tag="880">
		<subfield code="6">246-05/</subfield>
		<subfield code="i">عنوان الجزء 8:‏</subfield>
		<subfield code="a">‏روضة من الكافي</subfield>
	</datafield>
	<datafield ind1=" " ind2=" " tag="880">
		<subfield code="6">250-06/</subfield>
		<subfield code="a">‏الطبعة 3.</subfield>
	</datafield>
	<datafield ind1=" " ind2=" " tag="880">
		<subfield code="6">260-07/</subfield>
		<subfield code="a">‏تهران :‏</subfield>
		<subfield code="b">‏دار الكتب الإسلامية،‏</subfield>
		<subfield code="c">‏1388- [1968 أو 1969-]</subfield>
	</datafield>
	<datafield ind1="0" ind2="0" tag="880">
		<subfield code="6">505-08/</subfield>
		<subfield code="g">الجزء ١.-٢. ال</subfield>
		<subfield code="t">أصول --</subfield>
		<subfield code="g">الجزء ٣.-٧. ال</subfield>
		<subfield code="t">فروع --</subfield>
		<subfield code="g">الجزء ٨. ال</subfield>
		<subfield code="t">روضة.</subfield>
	</datafield>
	<datafield ind1="1" ind2=" " tag="880">
		<subfield code="6">700-09/</subfield>
		<subfield code="a">‏غفاري، علي أكبر.</subfield>
	</datafield>
	<datafield ind1="1" ind2=" " tag="880">
		<subfield code="6">700-10/</subfield>
		<subfield code="a">آخوندي، محمد.</subfield>
	</datafield>
	<datafield ind1=" " ind2=" " tag="959">
		<subfield code="a">NNU</subfield>
		<subfield code="b">WEB</subfield>
		<subfield code="c">GENI</subfield>
		<subfield code="t">0</subfield>
		<subfield code="m">Electronic access</subfield>
		<subfield code="s">01</subfield>
	</datafield>
	<datafield ind1=" " ind2=" " tag="999">
		<subfield code="i">NNU_002813524</subfield>
		<subfield code="s">nyu_aco000929:v.1</subfield>
		<subfield code="s">nyu_aco000930:v.2</subfield>
		<subfield code="s">nyu_aco000931:v.3</subfield>
		<subfield code="s">nyu_aco000932:v.4</subfield>
		<subfield code="s">nyu_aco000933:v.5</subfield>
		<subfield code="s">nyu_aco000934:v.6</subfield>
		<subfield code="s">nyu_aco000935:v.7</subfield>
		<subfield code="s">nyu_aco000936:v.8</subfield>
		<subfield code="e">(ERROR-880)</subfield>
	</datafield>
</record>
